<record><leader>00000cas a22000007a 4500</leader><controlfield tag="001">19743924</controlfield><controlfield tag="008">890520d19791982njuwr ne      0    0eng d</controlfield><datafield ind1=" " ind2=" " tag="010"><subfield code="a">sn 89069104 </subfield></datafield><datafield ind1=" " ind2=" " tag="040"><subfield code="a">NJW</subfield><subfield code="b">eng</subfield><subfield code="c">NJW</subfield><subfield code="d">OCLCQ</subfield></datafield><datafield ind1=" " ind2=" " tag="042"><subfield code="a">msc</subfield></datafield><datafield ind1="0" ind2=" " tag="130"><subfield code="a">Review (Edison, N.J. : 1979)</subfield></datafield><datafield ind1="1" ind2="4" tag="245"><subfield code="a">The review.</subfield></datafield><datafield ind1=" " ind2=" " tag="260"><subfield code="a">Edison, N.J. :</subfield><subfield code="b">Review,</subfield><subfield code="c">-1982.</subfield></datafield><datafield ind1=" " ind2=" " tag="310"><subfield code="a">Weekly</subfield></datafield><datafield ind1="1" ind2=" " tag="362"><subfield code="a">Began in 1979.</subfield></datafield><datafield ind1="0" ind2=" " tag="362"><subfield code="a">-v. 4, no. 27 (Aug. 12, 1982).</subfield></datafield><datafield ind1=" " ind2=" " tag="588"><subfield code="a">Description based on: Vol. 1, no. 49 (Jan. 3, 1980).</subfield></datafield><datafield ind1=" " ind2=" " tag="752"><subfield code="a">United States</subfield><subfield code="b">New Jersey</subfield><subfield code="c">Middlesex</subfield><subfield code="d">Edison.</subfield></datafield><datafield ind1=" " ind2=" " tag="752"><subfield code="a">United States</subfield><subfield code="b">New Jersey</subfield><subfield code="c">Middlesex</subfield><subfield code="d">Metuchen.</subfield></datafield><datafield ind1="0" ind2="0" tag="785"><subfield code="t">Metuchen-Edison review</subfield><subfield code="w">(DLC)sn 84007583</subfield><subfield code="w">(OCoLC)10654027</subfield></datafield><datafield ind1="1" ind2=" " tag="029"><subfield code="a">AU@</subfield><subfield code="b">000023089624</subfield></datafield></record>